%YAML 1.1
%TAG !u! tag:unity3d.com,2011:
--- !u!29 &1
SceneSettings:
  m_ObjectHideFlags: 0
  m_PVSData: 
  m_PVSObjectsArray: []
  m_PVSPortalsArray: []
  m_OcclusionBakeSettings:
    smallestOccluder: 5
    smallestHole: .25
    backfaceThreshold: 100
--- !u!104 &2
RenderSettings:
  m_ObjectHideFlags: 0
  serializedVersion: 6
  m_Fog: 1
  m_FogColor: {r: .420583665, g: .477611959, b: .477611959, a: 1}
  m_FogMode: 3
  m_FogDensity: .00300000003
  m_LinearFogStart: 0
  m_LinearFogEnd: 600
  m_AmbientSkyColor: {r: .384940982, g: .479659051, b: .537313461, a: 1}
  m_AmbientEquatorColor: {r: .384940982, g: .479659051, b: .537313461, a: 1}
  m_AmbientGroundColor: {r: .384940982, g: .479659051, b: .537313461, a: 1}
  m_AmbientIntensity: 1
  m_AmbientMode: 3
  m_SkyboxMaterial: {fileID: 2100000, guid: 53412155bc1016547b1a77b2333c0380, type: 2}
  m_HaloStrength: 1
  m_FlareStrength: 1
  m_FlareFadeSpeed: 3
  m_HaloTexture: {fileID: 0}
  m_SpotCookie: {fileID: 10001, guid: 0000000000000000e000000000000000, type: 0}
  m_DefaultReflectionMode: 0
  m_DefaultReflectionResolution: 128
  m_ReflectionBounces: 1
  m_ReflectionIntensity: 1
  m_CustomReflection: {fileID: 0}
  m_Sun: {fileID: 0}
--- !u!127 &3
LevelGameManager:
  m_ObjectHideFlags: 0
--- !u!157 &4
LightmapSettings:
  m_ObjectHideFlags: 0
  serializedVersion: 5
  m_GIWorkflowMode: 1
  m_LightmapsMode: 1
  m_GISettings:
    serializedVersion: 2
    m_BounceScale: 1
    m_IndirectOutputScale: 1
    m_AlbedoBoost: 1
    m_TemporalCoherenceThreshold: 1
    m_EnvironmentLightingMode: 0
    m_EnableBakedLightmaps: 1
    m_EnableRealtimeLightmaps: 0
  m_LightmapEditorSettings:
    serializedVersion: 3
    m_Resolution: 1
    m_BakeResolution: 50
    m_TextureWidth: 1024
    m_TextureHeight: 1024
    m_AOMaxDistance: 1
    m_Padding: 2
    m_CompAOExponent: 0
    m_LightmapParameters: {fileID: 0}
    m_TextureCompression: 0
    m_FinalGather: 0
    m_FinalGatherRayCount: 1024
  m_LightmapSnapshot: {fileID: 0}
  m_RuntimeCPUUsage: 25
--- !u!1 &16
GameObject:
  m_ObjectHideFlags: 0
  m_PrefabParentObject: {fileID: 0}
  m_PrefabInternal: {fileID: 0}
  serializedVersion: 4
  m_Component:
  - 4: {fileID: 32}
  - 218: {fileID: 72}
  - 154: {fileID: 61}
  m_Layer: 0
  m_Name: Terrain
  m_TagString: Untagged
  m_Icon: {fileID: 0}
  m_NavMeshLayer: 0
  m_StaticEditorFlags: 4294967295
  m_IsActive: 1
--- !u!1 &17
GameObject:
  m_ObjectHideFlags: 0
  m_PrefabParentObject: {fileID: 0}
  m_PrefabInternal: {fileID: 0}
  serializedVersion: 4
  m_Component:
  - 4: {fileID: 33}
  - 108: {fileID: 59}
  m_Layer: 0
  m_Name: Sun
  m_TagString: Untagged
  m_Icon: {fileID: 0}
  m_NavMeshLayer: 0
  m_StaticEditorFlags: 0
  m_IsActive: 1
--- !u!1 &18
GameObject:
  m_ObjectHideFlags: 0
  m_PrefabParentObject: {fileID: 0}
  m_PrefabInternal: {fileID: 0}
  serializedVersion: 4
  m_Component:
  - 4: {fileID: 34}
  - 20: {fileID: 41}
  - 124: {fileID: 60}
  - 92: {fileID: 58}
  - 45: {fileID: 55}
  - 114: {fileID: 71}
  - 114: {fileID: 64}
  m_Layer: 0
  m_Name: MainCamera
  m_TagString: Untagged
  m_Icon: {fileID: 0}
  m_NavMeshLayer: 0
  m_StaticEditorFlags: 0
  m_IsActive: 1
--- !u!4 &32
Transform:
  m_ObjectHideFlags: 0
  m_PrefabParentObject: {fileID: 0}
  m_PrefabInternal: {fileID: 0}
  m_GameObject: {fileID: 16}
  m_LocalRotation: {x: 0, y: 0, z: 0, w: 1}
  m_LocalPosition: {x: -1390.98218, y: 162.585587, z: -1503.18896}
  m_LocalScale: {x: 1, y: 1, z: 1}
  m_Children: []
  m_Father: {fileID: 2085979924}
  m_RootOrder: 0
--- !u!4 &33
Transform:
  m_ObjectHideFlags: 0
  m_PrefabParentObject: {fileID: 0}
  m_PrefabInternal: {fileID: 0}
  m_GameObject: {fileID: 17}
  m_LocalRotation: {x: .868439615, y: .0392563082, z: -.477223456, w: .128566995}
  m_LocalPosition: {x: -1202.073, y: 277.77179, z: -1345.00024}
  m_LocalScale: {x: 1, y: 1, z: 1}
  m_Children: []
  m_Father: {fileID: 2085979924}
  m_RootOrder: 1
--- !u!4 &34
Transform:
  m_ObjectHideFlags: 0
  m_PrefabParentObject: {fileID: 0}
  m_PrefabInternal: {fileID: 0}
  m_GameObject: {fileID: 18}
  m_LocalRotation: {x: 0, y: .318193734, z: 0, w: .948025763}
  m_LocalPosition: {x: -1273.75708, y: 266.274689, z: -1405.58093}
  m_LocalScale: {x: 1, y: 1, z: 1}
  m_Children: []
  m_Father: {fileID: 2085979924}
  m_RootOrder: 2
--- !u!20 &41
Camera:
  m_ObjectHideFlags: 0
  m_PrefabParentObject: {fileID: 0}
  m_PrefabInternal: {fileID: 0}
  m_GameObject: {fileID: 18}
  m_Enabled: 1
  serializedVersion: 2
  m_ClearFlags: 1
  m_BackGroundColor: {r: .15148139, g: .185440928, b: .23880595, a: .0196078438}
  m_NormalizedViewPortRect:
    serializedVersion: 2
    x: 0
    y: 0
    width: 1
    height: 1
  near clip plane: .300000012
  far clip plane: 200
  field of view: 55
  orthographic: 0
  orthographic size: 100
  m_Depth: 0
  m_CullingMask:
    serializedVersion: 2
    m_Bits: 4294967295
  m_RenderingPath: -1
  m_TargetTexture: {fileID: 0}
  m_TargetDisplay: 0
  m_HDR: 0
  m_OcclusionCulling: 1
  m_StereoConvergence: 10
  m_StereoSeparation: .0219999999
--- !u!45 &55
Skybox:
  m_ObjectHideFlags: 0
  m_PrefabParentObject: {fileID: 0}
  m_PrefabInternal: {fileID: 0}
  m_GameObject: {fileID: 18}
  m_Enabled: 1
  m_CustomSkybox: {fileID: 2100000, guid: da976b1a4f7ebb949b0f71341e4f1821, type: 2}
--- !u!92 &58
Behaviour:
  m_ObjectHideFlags: 0
  m_PrefabParentObject: {fileID: 0}
  m_PrefabInternal: {fileID: 0}
  m_GameObject: {fileID: 18}
  m_Enabled: 1
--- !u!108 &59
Light:
  m_ObjectHideFlags: 0
  m_PrefabParentObject: {fileID: 0}
  m_PrefabInternal: {fileID: 0}
  m_GameObject: {fileID: 17}
  m_Enabled: 1
  serializedVersion: 6
  m_Type: 1
  m_Color: {r: .698529422, g: 1, b: .974701643, a: 1}
  m_Intensity: .800000012
  m_Range: 10
  m_SpotAngle: 30
  m_CookieSize: 10
  m_Shadows:
    m_Type: 0
    m_Resolution: -1
    m_Strength: .275590539
    m_Bias: .0500000007
    m_NormalBias: .400000006
  m_Cookie: {fileID: 0}
  m_DrawHalo: 0
  m_Flare: {fileID: 12100000, guid: 09ebe82dbd1113c3d000dc0b8d76c639, type: 2}
  m_RenderMode: 0
  m_CullingMask:
    serializedVersion: 2
    m_Bits: 4294967295
  m_Lightmapping: 1
  m_BounceIntensity: 1
  m_ShadowRadius: 0
  m_ShadowAngle: 0
  m_AreaSize: {x: 1, y: 1}
--- !u!124 &60
Behaviour:
  m_ObjectHideFlags: 0
  m_PrefabParentObject: {fileID: 0}
  m_PrefabInternal: {fileID: 0}
  m_GameObject: {fileID: 18}
  m_Enabled: 1
--- !u!154 &61
TerrainCollider:
  m_ObjectHideFlags: 0
  m_PrefabParentObject: {fileID: 0}
  m_PrefabInternal: {fileID: 0}
  m_GameObject: {fileID: 16}
  m_Material: {fileID: 0}
  m_Enabled: 1
  m_TerrainData: {fileID: 15600000, guid: fd383755248960e4ab816e8c995e332e, type: 2}
  m_EnableTreeColliders: 1
--- !u!114 &64
MonoBehaviour:
  m_ObjectHideFlags: 0
  m_PrefabParentObject: {fileID: 0}
  m_PrefabInternal: {fileID: 0}
  m_GameObject: {fileID: 18}
  m_Enabled: 1
  m_EditorHideFlags: 0
  m_Script: {fileID: 11500000, guid: 1dad87ba4f1e04d6eb7f287e1f2e08fe, type: 3}
  m_Name: 
  m_EditorClassIdentifier: 
  resolution: 1
  screenBlendMode: 0
  sunTransform: {fileID: 0}
  radialBlurIterations: 2
  sunColor: {r: 1, g: 1, b: 1, a: 1}
  sunShaftBlurRadius: 2.5
  sunShaftIntensity: 1.14999998
  useSkyBoxAlpha: .75
  maxRadius: .75
  useDepthTexture: 1
  sunShaftsShader: {fileID: 4800000, guid: d3b1c8c1036784176946f5cfbfb7fe4c, type: 3}
  simpleClearShader: {fileID: 4800000, guid: f688f89ed5eb847c5b19c934a0f1e772, type: 3}
--- !u!114 &71
MonoBehaviour:
  m_ObjectHideFlags: 0
  m_PrefabParentObject: {fileID: 0}
  m_PrefabInternal: {fileID: 0}
  m_GameObject: {fileID: 18}
  m_Enabled: 1
  m_EditorHideFlags: 0
  m_Script: {fileID: 11500000, guid: d35a90bed98554f4d8b92c9cd3cfbafa, type: 3}
  m_Name: 
  m_EditorClassIdentifier: 
  tweakMode: 0
  screenBlendMode: 0
  hdr: 0
  sepBlurSpread: 3
  useSrcAlphaAsMask: 0
  bloomIntensity: 2
  bloomThreshhold: .300000012
  bloomBlurIterations: 1
  lensflares: 0
  hollywoodFlareBlurIterations: 2
  lensflareMode: 1
  hollyStretchWidth: 3.5
  lensflareIntensity: 1
  lensflareThreshhold: .300000012
  flareColorA: {r: .400000006, g: .400000006, b: .800000012, a: .75}
  flareColorB: {r: .400000006, g: .800000012, b: .800000012, a: .75}
  flareColorC: {r: .800000012, g: .400000006, b: .800000012, a: .75}
  flareColorD: {r: .800000012, g: .400000006, b: 0, a: .75}
  blurWidth: 1
  lensFlareVignetteMask: {fileID: 0}
  lensFlareShader: {fileID: 4800000, guid: 459fe69d2f6d74ddb92f04dbf45a866b, type: 3}
  vignetteShader: {fileID: 4800000, guid: 562f620336e024ac99992ff05725a89a, type: 3}
  separableBlurShader: {fileID: 4800000, guid: a9df009a214e24a5ebbf271595f8d5b6, type: 3}
  addBrightStuffOneOneShader: {fileID: 4800000, guid: f7898d203e9b94c0dbe2bf9dd5cb32c0,
    type: 3}
  screenBlendShader: {fileID: 4800000, guid: 53b3960ee3d3d4a5caa8d5473d120187, type: 3}
  hollywoodFlaresShader: {fileID: 4800000, guid: e2baf3cae8edc4daf94c9adc2154be00,
    type: 3}
  brightPassFilterShader: {fileID: 4800000, guid: 186c4c0d31e314f049595dcbaf4ca129,
    type: 3}
--- !u!218 &72
Terrain:
  m_ObjectHideFlags: 0
  m_PrefabParentObject: {fileID: 0}
  m_PrefabInternal: {fileID: 0}
  m_GameObject: {fileID: 16}
  m_Enabled: 1
  serializedVersion: 3
  m_TerrainData: {fileID: 15600000, guid: fd383755248960e4ab816e8c995e332e, type: 2}
  m_TreeDistance: 2000
  m_TreeBillboardDistance: 500
  m_TreeCrossFadeLength: 80
  m_TreeMaximumFullLODCount: 50
  m_DetailObjectDistance: 250
  m_DetailObjectDensity: 1
  m_HeightmapPixelError: 200
  m_SplatMapDistance: 2000
  m_HeightmapMaximumLOD: 0
  m_CastShadows: 0
  m_DrawHeightmap: 1
  m_DrawTreesAndFoliage: 1
  m_ReflectionProbeUsage: 1
  m_MaterialType: 1
  m_LegacySpecular:
    serializedVersion: 2
    rgba: 4286545791
  m_LegacyShininess: .078125
  m_UseDefaultSmoothness: 1
  m_DefaultSmoothness: 0
  m_MaterialTemplate: {fileID: 0}
  m_BakeLightProbesForTrees: 1
  m_ScaleInLightmap: 1
  m_LightmapParameters: {fileID: 15203, guid: 0000000000000000f000000000000000, type: 0}
--- !u!196 &80
NavMeshSettings:
  serializedVersion: 2
  m_ObjectHideFlags: 0
  m_BuildSettings:
    serializedVersion: 2
    agentRadius: .5
    agentHeight: 2
    agentSlope: 45
    agentClimb: .400000006
    ledgeDropHeight: 0
    maxJumpAcrossDistance: 0
    accuratePlacement: 0
    minRegionArea: 2
    cellSize: .166666657
    manualCellSize: 0
  m_NavMeshData: {fileID: 0}
--- !u!1001 &210083600
Prefab:
  m_ObjectHideFlags: 0
  serializedVersion: 2
  m_Modification:
    m_TransformParent: {fileID: 0}
    m_Modifications:
    - target: {fileID: 400000, guid: b633ff6182269fc47a826c59c33d13e5, type: 2}
      propertyPath: m_LocalPosition.x
      value: 0
      objectReference: {fileID: 0}
    - target: {fileID: 400000, guid: b633ff6182269fc47a826c59c33d13e5, type: 2}
      propertyPath: m_LocalPosition.y
      value: 0
      objectReference: {fileID: 0}
    - target: {fileID: 400000, guid: b633ff6182269fc47a826c59c33d13e5, type: 2}
      propertyPath: m_LocalPosition.z
      value: 0
      objectReference: {fileID: 0}
    - target: {fileID: 400000, guid: b633ff6182269fc47a826c59c33d13e5, type: 2}
      propertyPath: m_LocalRotation.x
      value: 0
      objectReference: {fileID: 0}
    - target: {fileID: 400000, guid: b633ff6182269fc47a826c59c33d13e5, type: 2}
      propertyPath: m_LocalRotation.y
      value: 0
      objectReference: {fileID: 0}
    - target: {fileID: 400000, guid: b633ff6182269fc47a826c59c33d13e5, type: 2}
      propertyPath: m_LocalRotation.z
      value: 0
      objectReference: {fileID: 0}
    - target: {fileID: 400000, guid: b633ff6182269fc47a826c59c33d13e5, type: 2}
      propertyPath: m_LocalRotation.w
      value: 1
      objectReference: {fileID: 0}
    m_RemovedComponents: []
  m_ParentPrefab: {fileID: 100100000, guid: b633ff6182269fc47a826c59c33d13e5, type: 2}
  m_IsPrefabParent: 0
--- !u!1 &808409743
GameObject:
  m_ObjectHideFlags: 0
  m_PrefabParentObject: {fileID: 100040, guid: 981ac4259b869904b940cd762f65a1e8, type: 2}
  m_PrefabInternal: {fileID: 0}
  serializedVersion: 4
  m_Component:
  - 4: {fileID: 808409744}
  - 111: {fileID: 808409747}
  - 23: {fileID: 808409745}
  m_Layer: 12
  m_Name: model_spawn
  m_TagString: OtherPlayer
  m_Icon: {fileID: 0}
  m_NavMeshLayer: 0
  m_StaticEditorFlags: 0
  m_IsActive: 1
--- !u!4 &808409744
Transform:
  m_ObjectHideFlags: 0
  m_PrefabParentObject: {fileID: 400040, guid: 981ac4259b869904b940cd762f65a1e8, type: 2}
  m_PrefabInternal: {fileID: 0}
  m_GameObject: {fileID: 808409743}
  m_LocalRotation: {x: 0, y: .939692676, z: 0, w: -.342020154}
  m_LocalPosition: {x: -1270.35669, y: 263.230347, z: -1402.02563}
  m_LocalScale: {x: 2.5, y: 2.5, z: 2.5}
  m_Children: []
  m_Father: {fileID: 2085979924}
  m_RootOrder: 3
--- !u!23 &808409745
MeshRenderer:
  m_ObjectHideFlags: 0
  m_PrefabParentObject: {fileID: 2300000, guid: 981ac4259b869904b940cd762f65a1e8,
    type: 2}
  m_PrefabInternal: {fileID: 0}
  m_GameObject: {fileID: 808409743}
  m_Enabled: 1
  m_CastShadows: 0
  m_ReceiveShadows: 0
  m_Materials:
  - {fileID: 0}
  m_SubsetIndices: 
  m_StaticBatchRoot: {fileID: 0}
  m_UseLightProbes: 0
  m_ReflectionProbeUsage: 1
  m_ProbeAnchor: {fileID: 0}
  m_ScaleInLightmap: 1
  m_PreserveUVs: 0
  m_ImportantGI: 0
  m_AutoUVMaxDistance: .5
  m_AutoUVMaxAngle: 89
  m_LightmapParameters: {fileID: 0}
  m_SortingLayerID: 0
  m_SortingOrder: 0
--- !u!111 &808409747
Animation:
  m_ObjectHideFlags: 0
  m_PrefabParentObject: {fileID: 11100000, guid: 981ac4259b869904b940cd762f65a1e8,
    type: 2}
  m_PrefabInternal: {fileID: 0}
  m_GameObject: {fileID: 808409743}
  m_Enabled: 1
  serializedVersion: 3
  m_Animation: {fileID: 7400000, guid: 90dd4e79beaa4be40a2a92fd4f55b8f0, type: 3}
  m_Animations:
  - {fileID: 7400004, guid: 86994308a67bea84d8b74c29b09ab821, type: 3}
  - {fileID: 7400000, guid: 90dd4e79beaa4be40a2a92fd4f55b8f0, type: 3}
  - {fileID: 7400000, guid: a39192f8c50962c42949eda0489c84dc, type: 3}
  - {fileID: 7400000, guid: e20fdd6741548a143846d75eeb521080, type: 3}
  - {fileID: 7400000, guid: 6ae37fffc89899641b3e04bc733f8edc, type: 3}
  - {fileID: 7400000, guid: a0e43a0a93b1faf4eada4141c2833042, type: 3}
  - {fileID: 7400000, guid: 479260df9f5a2a44bab15249aad6006e, type: 3}
  - {fileID: 7400000, guid: d0d99812bab20764cbbbb736fb4ee4f4, type: 3}
  - {fileID: 7400000, guid: 52657324ad2d30e47a4e7b9f01f36a98, type: 3}
  - {fileID: 7400000, guid: e944b30f030ee4c40bb190fca1794ab7, type: 3}
  - {fileID: 7400000, guid: 23790588860a5c24385186ff59218d31, type: 3}
  - {fileID: 7400000, guid: 94bacbe1395a23f498126fc726c273cc, type: 3}
  - {fileID: 7400000, guid: 5904018faecf71a4a8d239053a14ffd0, type: 3}
  - {fileID: 7400024, guid: 41058c6ed123f7841b61ab7e8da6b20c, type: 3}
  m_WrapMode: 0
  m_PlayAutomatically: 1
  m_AnimatePhysics: 0
  m_CullingType: 1
--- !u!1001 &882800272
Prefab:
  m_ObjectHideFlags: 0
  serializedVersion: 2
  m_Modification:
    m_TransformParent: {fileID: 0}
    m_Modifications:
    - target: {fileID: 400000, guid: 9bd3c5181758c754c8b79a7328f1c296, type: 2}
      propertyPath: m_LocalPosition.x
      value: 0
      objectReference: {fileID: 0}
    - target: {fileID: 400000, guid: 9bd3c5181758c754c8b79a7328f1c296, type: 2}
      propertyPath: m_LocalPosition.y
      value: 0
      objectReference: {fileID: 0}
    - target: {fileID: 400000, guid: 9bd3c5181758c754c8b79a7328f1c296, type: 2}
      propertyPath: m_LocalPosition.z
      value: 0
      objectReference: {fileID: 0}
    - target: {fileID: 400000, guid: 9bd3c5181758c754c8b79a7328f1c296, type: 2}
      propertyPath: m_LocalRotation.x
      value: 0
      objectReference: {fileID: 0}
    - target: {fileID: 400000, guid: 9bd3c5181758c754c8b79a7328f1c296, type: 2}
      propertyPath: m_LocalRotation.y
      value: 0
      objectReference: {fileID: 0}
    - target: {fileID: 400000, guid: 9bd3c5181758c754c8b79a7328f1c296, type: 2}
      propertyPath: m_LocalRotation.z
      value: 0
      objectReference: {fileID: 0}
    - target: {fileID: 400000, guid: 9bd3c5181758c754c8b79a7328f1c296, type: 2}
      propertyPath: m_LocalRotation.w
      value: 1
      objectReference: {fileID: 0}
    m_RemovedComponents: []
  m_ParentPrefab: {fileID: 100100000, guid: 9bd3c5181758c754c8b79a7328f1c296, type: 2}
  m_IsPrefabParent: 0
--- !u!1 &1494405320
GameObject:
  m_ObjectHideFlags: 0
  m_PrefabParentObject: {fileID: 0}
  m_PrefabInternal: {fileID: 0}
  serializedVersion: 4
  m_Component:
  - 4: {fileID: 1494405322}
  - 182: {fileID: 1494405321}
  m_Layer: 0
  m_Name: WindZone
  m_TagString: Untagged
  m_Icon: {fileID: 0}
  m_NavMeshLayer: 0
  m_StaticEditorFlags: 0
  m_IsActive: 1
--- !u!182 &1494405321
WindZone:
  m_ObjectHideFlags: 0
  m_PrefabParentObject: {fileID: 0}
  m_PrefabInternal: {fileID: 0}
  m_GameObject: {fileID: 1494405320}
  m_Enabled: 1
  m_Mode: 0
  m_Radius: 20
  m_WindMain: 1
  m_WindTurbulence: 1
  m_WindPulseMagnitude: 1
  m_WindPulseFrequency: .5
--- !u!4 &1494405322
Transform:
  m_ObjectHideFlags: 0
  m_PrefabParentObject: {fileID: 0}
  m_PrefabInternal: {fileID: 0}
  m_GameObject: {fileID: 1494405320}
  m_LocalRotation: {x: 0, y: 0, z: 0, w: 1}
  m_LocalPosition: {x: -1390.98218, y: 162.585587, z: -1503.18896}
  m_LocalScale: {x: 1, y: 1, z: 1}
  m_Children: []
  m_Father: {fileID: 2085979924}
  m_RootOrder: 4
--- !u!1 &2085979923
GameObject:
  m_ObjectHideFlags: 0
  m_PrefabParentObject: {fileID: 0}
  m_PrefabInternal: {fileID: 0}
  serializedVersion: 4
  m_Component:
  - 4: {fileID: 2085979924}
  m_Layer: 0
  m_Name: Global
  m_TagString: Untagged
  m_Icon: {fileID: 0}
  m_NavMeshLayer: 0
  m_StaticEditorFlags: 0
  m_IsActive: 1
--- !u!4 &2085979924
Transform:
  m_ObjectHideFlags: 0
  m_PrefabParentObject: {fileID: 0}
  m_PrefabInternal: {fileID: 0}
  m_GameObject: {fileID: 2085979923}
  m_LocalRotation: {x: 0, y: 0, z: 0, w: 1}
  m_LocalPosition: {x: 0, y: 0, z: 0}
  m_LocalScale: {x: 1, y: 1, z: 1}
  m_Children:
  - {fileID: 32}
  - {fileID: 33}
  - {fileID: 34}
  - {fileID: 808409744}
  - {fileID: 1494405322}
  m_Father: {fileID: 0}
  m_RootOrder: 2
